<?xml version="1.0" encoding="UTF-8" ?><xb:digital_entity_call xmlns:xb="http://com/exlibris/digitool/repository/api/xmlbeans"><xb:digital_entity><pid>54185</pid><control><label>Mechova, Simona</label><note>FFUK</note><ingest_id xsi:nil="true" xmlns:xsi="http://www.w3.org/2001/XMLSchema-instance"/><ingest_name xsi:nil="true" xmlns:xsi="http://www.w3.org/2001/XMLSchema-instance"/><entity_type xsi:nil="true" xmlns:xsi="http://www.w3.org/2001/XMLSchema-instance"/><entity_group xsi:nil="true" xmlns:xsi="http://www.w3.org/2001/XMLSchema-instance"/><usage_type>VIEW</usage_type><preservation_level>any</preservation_level><partition_a>zamek4psycho</partition_a><partition_b>ckis_ok</partition_b><partition_c xsi:nil="true" xmlns:xsi="http://www.w3.org/2001/XMLSchema-instance"/><status xsi:nil="true" xmlns:xsi="http://www.w3.org/2001/XMLSchema-instance"/><creation_date>2009-03-23 17:41:45</creation_date><creator>super:BVLA</creator><modification_date>2014-12-01 17:03:45</modification_date><modified_by>viewer:internal</modified_by><admin_unit>DUR01</admin_unit></control><mds><md shared="false"><mid>92838</mid><description xsi:nil="true" xmlns:xsi="http://www.w3.org/2001/XMLSchema-instance"/><name>changehistory</name><type>changehistory_md</type><value><![CDATA[<xb:history xmlns:xb="http://com/exlibris/digitool/repository/api/xmlbeans"><events><event xmlID="1"><eventIdentifier><eventIdentifierType>Service</eventIdentifierType><eventIdentifierValue>TechnicalMetadataExtractor</eventIdentifierValue></eventIdentifier><eventType>Technical Metadata Extraction</eventType><eventDateTime>2009-03-23T17:42:03.569+01:00</eventDateTime><eventDetail>Add some metadata to the digital entity using jhove</eventDetail><linkingAgentIdentifier><linkingAgentIdentifierType>software_used</linkingAgentIdentifierType><linkingAgentIdentifierValue>JHove</linkingAgentIdentifierValue></linkingAgentIdentifier></event></events></xb:history>]]></value></md><md shared="false"><mid>92841</mid><description> </description><name>descriptive</name><type>marc</type><value><![CDATA[<record xmlns="http://www.loc.gov/MARC21/slim" xmlns:xsi="http://www.w3.org/2001/XMLSchema-instance" xsi:schemaLocation="http://www.loc.gov/MARC21/slim http://www.loc.gov/standards/marcxml/schema/MARC21slim.xsd"><leader>00881ctm a22002537a 4500</leader><controlfield tag="FMT">BK</controlfield><controlfield tag="001">ff713701</controlfield><controlfield tag="003">CZ PrCU</controlfield><controlfield tag="005">20040514000000.0</controlfield><controlfield tag="008">040512s2002    xr |||||r|||||||||||cze|d</controlfield><datafield tag="040" ind1=" " ind2=" "><subfield code="a">ABD001</subfield><subfield code="b">cze</subfield><subfield code="c">ABD001</subfield><subfield code="d">ABD001</subfield></datafield><datafield tag="100" ind1="1" ind2=" "><subfield code="a">Měchová, Simona</subfield><subfield code="4">dis</subfield></datafield><datafield tag="245" ind1="1" ind2="0"><subfield code="a">Nové výzvy terorismu</subfield><subfield code="h">[rukopis] :</subfield><subfield code="b">s kasuistikou teroristických útoků na USA z 11. září 2001 /</subfield><subfield code="c">Simona Měchová ; ved. dipl. práce Lenka Šulová</subfield></datafield><datafield tag="260" ind1=" " ind2=" "><subfield code="a">Praha,</subfield><subfield code="c">2002</subfield></datafield><datafield tag="300" ind1=" " ind2=" "><subfield code="a">138 s.</subfield></datafield><datafield tag="500" ind1=" " ind2=" "><subfield code="a">Seznam lit. s. 132-138</subfield></datafield><datafield tag="540" ind1=" " ind2=" "><subfield code="a">Elektronická verze diplomové práce je přístupná pouze po dohodě s autorkou. Kontaktujte, prosím, Knihovnu psychologických a sociokulturních věd</subfield></datafield><datafield tag="650" ind1="0" ind2="7"><subfield code="a">Kazuistiky (lékařství, psychologie)</subfield><subfield code="2">phffuk</subfield></datafield><datafield tag="650" ind1="0" ind2="7"><subfield code="a">psychologické aspekty</subfield><subfield code="2">phffuk</subfield></datafield><datafield tag="650" ind1="0" ind2="7"><subfield code="a">Terorismus</subfield><subfield code="2">phffuk</subfield></datafield><datafield tag="650" ind1="0" ind2="7"><subfield code="a">Teroristický útok (11.9.2001)</subfield><subfield code="2">phffuk</subfield></datafield><datafield tag="655" ind1=" " ind2="4"><subfield code="a">diplomové práce</subfield></datafield><datafield tag="700" ind1="1" ind2=" "><subfield code="a">Šulová, Lenka</subfield><subfield code="4">ths</subfield></datafield><datafield tag="710" ind1="2" ind2=" "><subfield code="a">Univerzita Karlova (Praha).</subfield><subfield code="b">Filozofická fakulta.</subfield><subfield code="b">Katedra psychologie</subfield><subfield code="4">dgg</subfield></datafield><datafield tag="910" ind1=" " ind2=" "><subfield code="a">ABD001</subfield></datafield><controlfield tag="998">000713701</controlfield><datafield tag="SID" ind1=" " ind2=" "><subfield code="a">Z39</subfield><subfield code="b">CKS01</subfield></datafield></record>]]></value></md><md shared="true"><mid>308758</mid><description xsi:nil="true" xmlns:xsi="http://www.w3.org/2001/XMLSchema-instance"/><name>accessrights</name><type>rights_md</type><value><![CDATA[<?xml version="1.0" encoding="UTF-8"?>
<ar:access_right_md xmlns:ar="http://com/exlibris/digitool/repository/api/xmlbeans" enabled="true">
  <ar_copyrights required="false">
    <text_file></text_file>
  </ar_copyrights>
  <ar_conditions>
    <ar_condition negate="false">
      <ar_expressions>
        <ar_expression negate="false" ar_operation="within">
          <key>ip_range</key>
          <val1>78.128.206.233</val1>
          <val2>78.128.206.233</val2>
        </ar_expression>
      </ar_expressions>
    </ar_condition>
  </ar_conditions>
</ar:access_right_md>]]></value></md><md shared="false"><mid>2084755</mid><description xsi:nil="true" xmlns:xsi="http://www.w3.org/2001/XMLSchema-instance"/><name>technical</name><type>text_md</type><value><![CDATA[<?xml version="1.0" encoding="UTF-8"?>
<textmd:textMD xmlns:textmd="http://www.loc.gov/METS/" xmlns:jhove="http://hul.harvard.edu/ois/xml/ns/jhove" xmlns:xsi="http://www.w3.org/2001/XMLSchema-instance" xmlns="http://www.loc.gov/METS/" xsi:schemaLocation="http://www.loc.gov/METS http://dlib.nyu.edu/METS/textmd.xsd">
<textmd:encoding QUALITY="1">
<textmd:encoding_software/>
<textmd:encoding_platform linebreak=""/>
<textmd:encoding_software/>
<textmd:encoding_agent role=""/>
</textmd:encoding>
<textmd:character_info>
<textmd:charset/>
<textmd:byte_order/>
<textmd:character_size encoding=""/>
<textmd:linebreak/>
</textmd:character_info>
<textmd:language/>
<textmd:alt_language authority=""/>
<textmd:font_script/>
<textmd:markup_basis version=""/>
<textmd:markup_language version=""/>
<textmd:processingNote/>
<textmd:printRequirements/>
<textmd:textNote/>
<textmd:viewingRequirements/>
<textmd:file>
<textmd:fileSize>708794</textmd:fileSize>
<textmd:checksum>
<textmd:checksumMethod>CRC32</textmd:checksumMethod>
<textmd:checksumValue>89ba81cd</textmd:checksumValue>
</textmd:checksum>
<textmd:checksum>
<textmd:checksumMethod>MD5</textmd:checksumMethod>
<textmd:checksumValue>e276af79311acb33d54b02930228346c</textmd:checksumValue>
</textmd:checksum>
<textmd:checksum>
<textmd:checksumMethod>SHA-1</textmd:checksumMethod>
<textmd:checksumValue>800c1949406c043887b0e329765dff2a108f54f5</textmd:checksumValue>
</textmd:checksum>
<textmd:mimeType>application/pdf</textmd:mimeType>
<textmd:extension/>
</textmd:file>
</textmd:textMD>
]]></value></md><md shared="false"><mid>255972</mid><description xsi:nil="true" xmlns:xsi="http://www.w3.org/2001/XMLSchema-instance"/><name>preservation</name><type>preservation_md</type><value><![CDATA[<object xmlns="http://www.loc.gov/standards/premis">
  <objectIdentifier>
    <objectIdentifierType>handle</objectIdentifierType>
    <objectIdentifierValue>123.45/7603</objectIdentifierValue>
  </objectIdentifier>
</object>]]></value></md></mds><relations><relation><type>manifestation</type><pid>54194</pid></relation><relation><type>manifestation</type><pid>527475</pid></relation></relations><stream_ref><file_name>54185_Mechova%2CSimona-DP.pdf</file_name><file_extension>pdf</file_extension><mime_type>application/pdf</mime_type><directory_path>/exlibris/dtl/j3_1/digitool/home/system/bin/../../profile/storage/2009/03/23/file_1/54185</directory_path><file_id xsi:nil="true" xmlns:xsi="http://www.w3.org/2001/XMLSchema-instance"/><storage_id>1000</storage_id><external_type>-1</external_type><file_size_bytes>708794</file_size_bytes></stream_ref></xb:digital_entity></xb:digital_entity_call>